Automatically generated by Mendeley Desktop 1.19.3
Any changes to this file will be lost if it is regenerated by Mendeley.

BibTeX export options can be customized via Options -> BibTeX in Mendeley Desktop

@misc{OECDc,
author = {OECD},
booktitle = {OECD},
keywords = {data},
mendeley-tags = {data},
title = {{Statistical data - API}},
url = {https://data.oecd.org/api/}
}
@misc{OECDa,
author = {OECD},
booktitle = {OECD},
keywords = {data},
mendeley-tags = {data},
title = {{Statistical data - regular frontend}},
url = {https://data.oecd.org/}
}
@article{Liu2012,
author = {Liu, Bing},
file = {::},
journal = {Sentiment Analysis and Opinion Mining},
keywords = {sentiment},
mendeley-tags = {sentiment},
publisher = {Morgan {\&} Claypool Publishers},
title = {{Sentiment Analysis and Opinion Mining}},
url = {http://citeseerx.ist.psu.edu/viewdoc/download?doi=10.1.1.244.9480{\&}rep=rep1{\&}type=pdf},
year = {2012}
}
@misc{ONS,
author = {ONS},
booktitle = {Office for National Statistics},
keywords = {data},
mendeley-tags = {data},
title = {{ONS - timeseries}},
url = {https://www.ons.gov.uk}
}
@misc{Chollet2015,
author = {Chollet, Fran$\backslash$c{\{}c{\}}ois and Others},
title = {{Keras}},
url = {https://keras.io},
year = {2015}
}
@misc{OECDb,
author = {OECD},
booktitle = {OECD},
keywords = {data},
mendeley-tags = {data},
title = {{Statistical data - database}},
url = {http://stats.oecd.org/}
}
@misc{OECD,
author = {OECD},
booktitle = {OECD},
keywords = {data},
mendeley-tags = {data},
title = {{Better Life Index}},
url = {http://www.oecdbetterlifeindex.org/}
}
@book{liu_2015,
author = {Liu, Bing},
doi = {10.1017/CBO9781139084789},
publisher = {Cambridge University Press},
title = {{Sentiment Analysis: Mining Opinions, Sentiments, and Emotions}},
year = {2015}
}
@misc{Wikipedia,
author = {Wikipedia},
booktitle = {Wikipedia},
title = {{Econonomic indicator}},
url = {https://en.wikipedia.org/wiki/Economic{\_}indicator},
urldate = {2018-03-13}
}
